@book{trikun,
    title = {Jaringan wifi : Teori dan implementasi},
    author = {Tri Kuntoro Priyambodo and Dodi Heriadi},
    isbn = {9797630978},
    year = {2021},
    publisher = {Andi},
    keywords = {wifi}
}

@article{utami2014analisis,
  title={Analisis faktor-faktor yang mempengaruhi produksi tambak udang sistem ekstensif dan sistem intensif (studi kasus: Kecamatan Secanggang, Kabupaten Langkat)},
  author={Utami, Rizki and Supriana, Tavi and Ginting, Rahmanta},
  journal={Journal of Agriculture and Agribusiness Socioeconomics},
  volume={3},
  number={2},
  pages={15204},
  year={2014},
  publisher={University of North Sumatra}
}